@misc{rowland2007block,
  title={Block Diagonal Matrix},
  author={Todd Rowland and Eric Weisstein},
  year={2007},
  publisher={MathWorld},
  url={http://mathworld.wolfram.com/BlockDiagonalMatrix.html}
}

@article{leontief1936quantitative,
  title={Quantitative input and output relations in the economic systems of the United States},
  author={Leontief, Wassily W},
  journal={The review of economic statistics},
  pages={105--125},
  year={1936},
  publisher={JSTOR}
}

@Article{tidy2014wickham,
  author = {Hadley Wickham},
  journal = {The Journal of Statistical Software},
  title = {Tidy data},
  selected = {TRUE},
  year = {2014},
  volume = {59},
  issue = {10},
  url = {http://www.jstatsoft.org/v59/i10/},
}
